@Manual{R-dynfactoR,
  title = {dynfactoR: Dynamic factor model estimation for nowcasting},
  author = {Rytis Bagdziunas},
  year = {2019},
  note = {R package version 0.1},
}
@Manual{R-psych,
  title = {psych: Procedures for Psychological, Psychometric, and Personality
    Research},
  author = {William Revelle},
  year = {2019},
  note = {R package version 1.8.12},
  url = {https://CRAN.R-project.org/package=psych},
}
@Manual{R-strucchange,
  title = {strucchange: Testing, Monitoring, and Dating Structural Changes},
  author = {Achim Zeileis and Friedrich Leisch and Kurt Hornik and Christian
    Kleiber},
  year = {2019},
  note = {R package version 1.5-2},
  url = {https://CRAN.R-project.org/package=strucchange},
}
@Manual{R-vars,
  title = {vars: VAR Modelling},
  author = {Bernhard Pfaff},
  year = {2018},
  note = {R package version 1.5-3},
  url = {https://CRAN.R-project.org/package=vars},
}
