@Article{haytallescar:2004,
    Author  = {James C.~Hayton and David G.~Allen and Vida Scarpello},
    Title   = {Factor Retention Decisions in Exploratory Factor Analysis: A Tutorial on Parallel Analysis},
    Year    = {2004},
    Journal = {Organizational Research Methods},
    Volume  = {7},
    Number  = {2},
  	Pages   = {191--205},
  	DOI     = {10.1177/1094428104263675}
}

@Article{hamilton:2018,
    Author  = {James D.~Hamilton},
    Title   = {Why You Should Never Use the {Hodrick-Prescott} Filter},
    Year    = {2018},
    Journal = {The Review of Economics and Statistics},
    Volume  = {100},
    Number  = {5},
    Pages   = {831--843},
    DOI     = {10.1162/rest\_a\_00706}
}

@Book{efrotibs:1993,
    Author    = {Bradley Efron and Robert J.~Tibshirani},
    Title     = {An Introduction to the Bootstrap},
    Publisher = {Chapman \& Hall/CRC},
    Year      = {1993},
    Address   = {Boca Raton, Florida}
}

@Article{bloom:2009,
    Author  = {Nicholas Bloom},
    Title   = {The Impact of Uncertainty Shocks},
    Year    = {2009},
    Journal = {Econometrica},
    Volume  = {77},
    Number  = {3},
    Pages   = {623--685},
    DOI     = {10.3982/ECTA6248}
}

@Article{bakebloodavi:2016,
    Author  = {Scott R.~Baker and Nicholas Bloom and Steven J.~Davis},
    Title   = {Measuring Economic Policy Uncertainty},
    Year    = {2016},
    Journal = {The Quarterly Journal of Economics},
  	Volume  = {131},
  	Number  = {4},
  	Pages   = {1593--1636},
  	DOI     = {10.1093/qje/qjw024}
}

@Article{stocwats:2002,
    Author  = {James H.~Stock and Mark W.~Watson},
    Title   = {Forecasting Using Principal Components from a Large Number of Predictors},
    Year    = {2002},
    Journal = {Journal of the American Statistical Association},
    Volume  = {97},
    Number  = {460},
    Pages   = {1167--1179},
    DOI     = {10.1198/016214502388618960}
}

@Article{dozgianreic:2011,
    Author  = {Catherine Doz and Domenico Giannone and Lucrezia Reichlin},
    Title   = {A Two-Step Estimator for Large Approximate Dynamic Factor Models Based on {Kalman} Filtering},
    Year    = {2011},
    Journal = {Journal of Econometrics},
    Volume  = {164},
    Number  = {1},
    Pages   = {188--205},
    DOI     = {10.1016/j.jeconom.2011.02.012}
}

@Article{dozgianreic:2012,
    Author  = {Catherine Doz and Domenico Giannone and Lucrezia Reichlin},
    Title   = {A Quasi–Maximum Likelihood Approach for Large, Approximate Dynamic Factor Models},
    Year    = {2012},
    Journal = {The Review of Economics and Statistics},
    Volume  = {94},
    Number  = {4},
    Pages   = {1014--1024},
    DOI     = {10.1162/REST_a_00225}
}

@Article{hustrogesun:2019,
    Author   = {Lucas Husted and John Rogers and Bo Sun},
    Title    = {Monetary policy uncertainty},
    Year     = {2019},
    Journal  = {Journal of Monetary Economics},
    Pubstate = {Advance online publication},
    DOI      = {10.1016/j.jmoneco.2019.07.009}
}

@Techreport{caldiaco:2018,
    Author      = {Dario Caldara and Matteo Iacoviello},
    Title       = {Measuring Geopolitical Risk},
    Year        = {2018},
    Institution = {Board of Governors of the Federal Reserve System {(U.S.)}},
    Type        = {International Finance Discussion Papers},
    Number      = {1222},
    DOI         = {10.17016/IFDP.2018.1222}
}

@Techreport{dattlondsunbeltferriacojahaligiudroge:2017,
    Author      = {Deepa Dhume Datta and Juan M.~Londono and Bo Sun and Daniel O.~Beltran and Thiago Revil T.~Ferreira and Matteo Iacoviello and Mohammad Jahan-Parvar and Canlin Li and Marius del Giudice Rodriguez and John H.~Rogers},
    Title       = {Taxonomy of Global Risk, Uncertainty, and Volatility Measures},
    Year        = {2017},
    Institution = {Board of Governors of the Federal Reserve System {(U.S.)}},
    Type        = {International Finance Discussion Papers},
    Number      = {1216},
    DOI         = {10.17016/IFDP.2017.1216}
}

@Article{juraludvng:2015,
  Author  = {Kyle Jurado and Sydney C.~Ludvigson and Serena Ng},
  Title   = {Measuring Uncertainty},
  Year    = {2015},
  Journal = {American Economic Review},
  Volume  = {105},
  Number  = {3},
  Pages   = {1177--1216},
  DOI     = {10.1257/aer.20131193}
}

@Book{kililutk:2017, 
    Author    = {Lutz Kilian and Helmut Lütkepohl},
    Title     = {Structural Vector Autoregressive Analysis},
    Publisher = {Cambridge University Press},
    Year      = {2017},
    Address   = {Cambridge}
}

@Article{gonzpita:2002,
    Author  = {Jesús Gonzalo and Jean-Yves Pitarakis},
    Title   = {Lag Length Estimation in Large Dimensional Systems},
    Year    = {2002},
    Journal = {Journal of Time Series Analysis},
    Volume  = {23},
    Number  = {4},
    Pages   = {401--423},
    DOI     = {10.1111/1467-9892.00270}
}

@Article{kilian:2001,
    Author  = {Lutz Kilian},
    Title   = {Impulse Response Analysis in Vector Autoregressions with Unknown Lag Order},
    Year    = {2001},
    Journal = {Journal of Forecasting},
    Volume  = {20},
    Number  = {3},
    Pages   = {161--179},
    DOI     = {10.1002/1099-131X(200104)20:3<161::AID-FOR770>3.0.CO;2-X}
}

@Article{ventlutz:2005,
    Author  = {Ivanov Ventzislav and Kilian Lutz},
    Title   = {A Practitioner's Guide to Lag Order Selection For {VAR} Impulse Response Analysis},
    Year    = {2005},
    Journal = {Studies in Nonlinear Dynamics \& Econometrics},
    Volume  = {9},
    Number  = {1},
    Pages   = {1--36},
    DOI     = {10.2202/1558-3708.1219}
}

@Article{paultjos:1985,
    Author  = {Jostein Paulsen and Dag Tjostheim},
    Title   = {On the Estimation of Residual Variance and Order in Autoregressive Time Series},
    Year    = {1985},
    Journal = {Journal of the Royal Statistical Society},
    Volume  = {47},
    Number  = {2},
    Pages   = {216--228},
    DOI     = {10.1111/j.2517-6161.1985.tb01348.x}
}

@Article{leebpots:2005,
    Author  = {Hannes Leeb and Benedikt M.~Pötscher},
    Title   = {Model Selection and Inference: Facts and Fiction},
    Year    = {2005},
    Journal = {Econometric Theory},
    Volume  = {21},
    Number  = {1},
    Pages   = {21--59},
    DOI     = {10.1017/S0266466605050036}
}

@Article{leebpots:2006,
    Author  = {Hannes Leeb and Benedikt M.~Pötscher},
    Title   = {Can One Estimate the Conditional Distribution of Post-Model-Selection Estimators?},
    Year    = {2006},
    Journal = {The Annals of Statistics},
    Volume  = {34},
    Number  = {5},
    Pages   = {2554--2591},
    DOI     = {10.1214/009053606000000821}
}

@Article{kilian:1998,
    Author  = {Lutz Kilian},
    Title   = {Accounting for Lag Order Uncertainty in Autoregressions: the Endogenous Lag Order Bootstrap Algorithm},
    Year    = {1998},
    Journal = {Journal of Time Series Analysis},
    Volume  = {19},
    Number  = {5},
    Pages   = {531-548},
    DOI     = {10.1111/1467-9892.00107}
}

@Inbook{stocwats:2016,
    Author    = {James H.~Stock and Mark W.~Watson},
    Title     = {Dynamic Factor Models, Factor-Augmented Vector Autoregressions, and Structural Vector Autoregressions in Macroeconomics},
    Booktitle = {Handbook of Macroeconomics},
    Publisher = {Elsevier},
    Year      = {2016},
    Editor    = {John Taylor and Harald Uhlig},
    Volume    = {2A},
    Pages     = {415--525},
    Address   = {Amsterdam}
}

@Article{baing:2002,
    Author  = {Jushan Bai and Serena Ng},
    Title   = {Determining the Number of Factors in Approximate Factor Models},
    Year    = {2002},
    Journal = {Econometrica},
    Volume  = {70},
    Number  = {1},
    Pages   = {191--221},
    DOI     = {10.1111/1468-0262.00273}
}

@Article{stocwats:2001,
    Author  = {James H.~Stock and Mark W.~Watson},
    Title   = {Vector Autoregressions},
    Year    = {2001},
    Journal = {Journal of Economic Perspectives},
    Volume  = {15},
    Number  = {4},
    Pages   = {101--115},
    DOI     = {10.1257/jep.15.4.101}
}

@Article{chrieichevan:2005,
    Author  = {Lawrence J.~Christiano and Martin Eichenbaum and Charles L.~Evans},
    Title   = {Nominal Rigidities and the Dynamic Effects of a Shock to Monetary Policy},
    Year    = {2005},
    Journal = {Journal of Political Economy},
    Volume  = {113},
    Number  = {1},
    Pages   = {1--45},
    DOI     = {10.1086/426038}
}

@Article{chulguilurib:2017,
    Author  = {Helena Chuliá and Montserrat Guillén and Jorge M.~Uribe},
    Title   = {Measuring uncertainty in the stock market},
    Year    = {2017},
    Journal = {International Review of Economics \& Finance},
    Volume  = {48},
    Pages   = {18--33},
    DOI     = {10.1016/j.iref.2016.11.003}
}

@Article{britfishwhit:1998,
    Author  = {Edward D.~Britton and Paul B.~Fisher and John Whitley},
    Title   = {The Inflation Report Projections: Understanding the Fan Chart},
    Year    = {1998},
    Journal = {Bank of England Quarterly Bulletin},
    Volume  = {38},
    Pages   = {30--37},
    URL     = {shorturl.at/jklKT}
}

@Article{clements:2004,
    Author  = {Michael P.~Clements},
    Title   = {Evaluating the Bank of {England} Density Forecasts of Inflation},
    Year    = {2004},
    Journal = {The Economic Journal},
    Volume  = {114},
    Number  = {498},
    Pages   = {844--866},
    DOI     = {10.1111/j.1468-0297.2004.00246.x}
}

@Article{hansen:2001,
    Author  = {Bruce E.~Hansen},
    Title   = {The New Econometrics of Structural Change: Dating Breaks in {U.S.} Labor Productivity},
    Year    = {2001},
    Journal = {The Journal of Economic Perspectives},
    Volume  = {15},
    Number  = {4},
    Pages   = {117--128},
    DOI     = {10.1257/jep.15.4.117}
}

@Article{gianreicsmal:2008,
    Author  = {Domenico Giannone and Lucrezia Reichlin and David Small},
    Title   = {Nowcasting: The real-time informational content of macroeconomic data},
    Year    = {2008},
    Journal = {Journal of Monetary Economics},
    Volume  = {55},
    Number  = {4},
    Pages   = {665--676},
    DOI     = {10.1016/j.jmoneco.2008.05.010}
}

@Article{banbruns:2011,
    Author  = {Marta Bańbura and Gerhard Rünstler},
    Title   = {A look into the factor model black box: Publication lags and the role of hard and soft data in forecasting {GDP}},
    Year    = {2011},
    Journal = {International Journal of Forecasting},
    Volume  = {27},
    Number  = {2},
    Pages   = {333--346},
    DOI     = {10.1016/j.ijforecast.2010.01.011}
}

@Incollection{banbgianreic:2011,
    Author    = {Marta BańBura and Domenico Giannone and Lucrezia Reichlin},
    Title     = {Nowcasting},
    Booktitle = {Oxford Handbook on Economic Forecasting},
    Publisher = {Oxford University Press},
    Year      = {2011},
    Editor    = {Michael P.~Clements and David F.~Hendry},
    Pages     = {193--224},
    Address   = {Oxford}
}

@Article{andrews:2003,
    Author  = {Donald W.~Andrews},
    Title   = {Tests for Parameter Instability and Structural Change with Unknown Change Point: A Corrigendum},
    Year    = {2003},
    Journal = {Econometrica},
    Volume  = {71},
    Number  = {1},
    Pages   = {395--397},
    DOI     = {10.1111/1468-0262.00405}
}

@Article{chow:1960,
    Author  = {Gregory C.~Chow},
    Title   = {Tests of Equality Between Sets of Coefficients in Two Linear Regressions},
    Year    = {1960},
    Journal = {Econometrica},
    Volume  = {28},
    Number  = {3},
    Pages   = {591--605},
    DOI     = {10.2307/1910133}
}

@Article{quandt:1960,
    Author  = {Richard E.~Quandt},
    Title   = {Tests of the Hypothesis That a Linear Regression System Obeys Two Separate Regimes},
    Year    = {1960},
    Journal = {Journal of the American Statistical Association},
    Volume  = {55},
    Number  = {290},
    Pages   = {324--330},
    DOI     = {10.1080/01621459.1960.10482067}
}

@Article{baiperr:1998,
    Author  = {Jushan Bai and Pierre Perron},
    Title   = {Estimating and Testing Linear Models with Multiple Structural Changes},
    Year    = {1998},
    Journal = {Econometrica},
    Volume  = {66},
    Number  = {1},
    Pages   = {47--78},
    DOI     = {10.2307/2998540}
}

@Article{stocwats:1988,
    Author  = {James H.~Stock and Mark W.~Watson},
    Title   = {Variable Trends in Economic Time Series},
    Year    = {1988},
    Journal = {Journal of Economic Perspectives},
    Volume  = {2},
	  Number  = {3},
	  Pages   = {147--174},
	  DOI     = {10.1257/jep.2.3.147}
}

@Article{baiperr:2003,
    Author  = {Jushan Bai and Pierre Perron},
    Title   = {Computation and Analysis of Multiple Structural Change Models},
    Year    = {2003},
    Journal = {Journal of Applied Econometrics},
    Volume  = {18},
    Number  = {1},
    Pages   = {1--22},
    DOI     = {10.1002/jae.659}
}

@Article{chamroth:1983,
    Author  = {Gary Chamberlain and Michael Rothschild},
    Title   = {Arbitrage, Factor Structure, and Mean-Variance Analysis on Large Asset Markets},
    Year    = {1983},
    Journal = {Econometrica},
    Volume  = {51},
    Number  = {5},
    Pages   = {1281--1304},
    DOI     = {10.2307/1912275}
}

@Article{baing:2013,
    Author  = {Jushan Bai and Serena Ng},
    Title   = {Principal components estimation and identification of static factors},
    Year    = {2013},
    Journal = {Journal of Econometrics},
    Volume  = {176},
    Number  = {1},
    Pages   = {18--29},
    DOI     = {10.1016/j.jeconom.2013.03.007}
}

@Inbook{stocwats:1991,
    Author    = {James H.~Stock and Mark W.~Watson},
    Title     = {A Probability Model of the Coincident Economic Indicators},
    Booktitle = {The Leading Economic Indicators: New Approaches and Forecasting Records},
    Publisher = {Cambridge University Press},
    Year      = {1991},
    Editor    = {G.~Moore and K.~Lahiri},
    Pages     = {63--90},
    Address   = {Cambridge}
}

@Inbook{stocwats:1993,
    Author    = {James H.~Stock and Mark W.~Watson},
  	Title     = {A Procedure for Predicting Recessions with Leading Indicators: Econometric Issues and Recent Experience},
  	Booktitle = {Business Cycles, Indicators and Forecasting},
  	Publisher = {University of Chicago Press},
  	Year      = {1993},
  	Editor    = {James Stock and Mark W.~Watson},
  	Pages     = {95--156},
  	Address   = {Chicago}
}

@Article{cronclay:2005,
    Author  = {Theodore M.~Crone and Alan Clayton-Matthews},
    Title   = {Consistent Economic Indexes for the 50 States},
    Year    = {2005},
    Journal = {The Review of Economics and Statistics},
    Volume  = {87},
    Number  = {4},
    Pages   = {593--603},
    URL     = {http://www.jstor.org/stable/40042878}
}

@Article{marimura:2003,
    Author  = {Roberto S.~Mariano and Yasutomo Murasawa},
    Title   = {A new coincident index of business cycles based on monthly and quarterly series},
    Year    = {2003},
    Journal = {Journal of Applied Econometrics},
    Volume  = {18},
    Number  = {4},
    Pages   = {427--443},
    DOI     = {10.1002/jae.695}
}

@Article{aruodiebscot:2009,
    Author  = {S.~Borağan Aruoba and Francis X.~Diebold and Chiara Scotti},
    Title   = {Real-Time Measurement of Business Conditions},
    Year    = {2009},
    Journal = {Journal of Business \& Economic Statistics},
    Volume  = {27},
    Number  = {4},
    Pages   = {417--427},
    DOI     = {10.1198/jbes.2009.07205}
}

@Article {stocwats:1999,
    Author  = {James H.~Stock and Mark W.~Watson},
    Title   = {Forecasting Inflation},
    Year    = {1999},
    Journal = {Journal of Monetary Economics},
    Volume  = {44},
    Number  = {2},
    Pages   = {293--335},
    DOI     = {10.1016/S0304-3932(99)00027-6}
}

@Techreport{altibasscrisfornhalllippreicvero:2001,
    Author      = {Filippo Altissimo and Antonio Bassanetti and Riccardo Cristadoro and Mario Forni and Marc Hallin and Marco Lippi and Lucrezia Reichlin and Giovanni Veronese},
    Title       = {{Eurocoin}: A Real Time Coincident Indicator of the Euro Area Business Cycle},
    Year        = {2001},
    Type        = {{CEPR} Discussion Papers},
    Number      = {3108}
}

@Article{alticrisfornlippvero:2010,
    Author  = {Filippo Altissimo and Riccardo Cristadoro and Mario Forni and Marco Lippi and Giovanni Veronese},
    Title   = {New {Eurocoin}: Tracking Economic Growth in Real Time},
    Year    = {2010},
    Journal = {The Review of Economics and Statistics},
    Volume  = {92},
    Number  = {4},
    Pages   = {1024--1034},
    DOI     = {10.1162/REST\_a\_00045}
}

@Techreport{stocwats:1990,
    Title       = {New Indexes of Coincident and Leading Economic Indicators},
    Author      = {James H.~Stock and Mark W.~Watson},
    Institution = {National Bureau of Economic Research {(NBER)}},
    Type        = {Working Paper},
    Series      = {Reprint Series},
    Number      = {1380},
    Year        = {1990},
    Month       = {April},
    URL         = {http://www.nber.org/papers/r1380}
}

@Book{lutkepohl:2005, 
    Author    = {Helmut Lütkepohl},
    Title     = {New Introduction to Multiple Time Series Analysis},
    Publisher = {Springer-Verlag},
    Year      = {2005},
    Address   = {Berlin}
}

@Article{friendly:2002,
    Author  = {Michael Friendly},
    Title   = {Corrgrams: Exploratory Displays for Correlation Matrices},
    Year    = {2002},
    Journal = {The American Statistician},
    Volume  = {56},
    Pages   = {316--324},
    DOI     = {10.1198/000313002533}
}

@Article{bai:2003,
    Author  = {Jushan Bai},
    Title   = {Inferencial Theory for Factor Models of Large Dimensions},
    Year    = {2003},
    Journal = {Econometrica},
    Volume  = {71},
    Pages   = {135--171},
    DOI     = {10.1111/1468-0262.00392}
}

@Article{cattel:1966,
    Author  = {Raymond B.~Cattel},
    Title   = {The Scree Test for the Number of Factors},
    Year    = {1966},
    Journal = {Multivariate Behavioral Research},
    Volume  = {1},
    Number  = {2},
    Pages   = {245--276},
    DOI     = {10.1207/s15327906mbr0102_10}
}

@Inbook{perron:2006,
    Author    = {Pierre Perron},
  	Title     = {Dealing with Structural Breaks},
  	Booktitle = {Palgrave Handbook of Econometrics},
  	Publisher = {Palgrave MacMillan},
  	Year      = {2006},
  	Editor    = {H.~Hassani and Terence C.~Mills and Kerry Patterson},
  	Volume    = {1: Econometric Theory},
  	Pages     = {278--352},
  	Address   = {London}
}

@Book{knight:2014, 
    Author    = {Frank H.~Knight},
    Title     = {Risk, Uncertainty and Profit},
    Publisher = {Martino Fine Books},
    Year      = {2014},
    Address   = {Eastford}
}

@Book{bernstein:1998, 
    Author    = {Peter L.~Bernstein},
    Title     = {Againts the Gods: The Remarkable Story of Risk},
    Publisher = {John Wiley Sons},
    Year      = {1998},
    Address   = {New York, NY}
}

@Book{taleb:2007, 
    Author    = {Nassim Nicholas Taleb},
    Title     = {The Black Swan: The Impact of the Highly Improbable},
    Publisher = {Random House},
    Year      = {2007},
    Address   = {New York, NY}
}

@Book{diebdoheherr:2010, 
    Author    = {Francis X.~Diebold and Neil A.~Doherty and Richard J.~Herring},
    Title     = {The Known, the Unknown, and the Unknowable in Financial Risk Management: Measurement and Theory Advancing Practice},
    Publisher = {Princeton University Press},
    Year      = {2010},
    Address   = {New York, NY}
}

@Article{chrimottrost:2014,
    Author  = {Lawrence J.~Christiano and Roberto Motto and  Massimo Rostagno},
    Title   = {Risk Shocks},
    Year    = {2014},
    Journal = {American Economic Review},
    Volume  = {104},
    Number  = {1},
    Pages   = {27--65},
    DOI     = {10.1257/aer.104.1.27}
}

@Article{bekahoerduca:2013,
    Author  = {Geert Bekaert and Marie Hoerova and Marco Lo Duca},
    Title   = {Risk, Uncertainty and Monetary Policy},
    Year    = {2013},
    Journal = {Journal of Monetary Economics},
    Volume  = {60},
    Number  = {7},
    Pages   = {771--788},
    DOI     = {10.1016/j.jmoneco.2013.06.003}
}

@Article{bloofloejaimsapoterr:2018,
    Author  = {Nicholas Bloom and Max Floetotto and Nir Jaimovich and Itay Saporta-Eksten and Stephen J.~Terry},
    Title   = {Really Uncertain Business Cycles},
    Year    = {2018},
    Journal = {Econometrica},
    Volume  = {86},
    Number  = {3},
    Pages   = {1031--1065},
    DOI     = {10.3982/ECTA10927}
}

@Article{scotti:2016,
    Author  = {Chiara Scotti},
    Title   = {Surprise and Uncertainty Indexes: Real-Time Aggregation of Real-Activity Macro-Surprises},
    Year    = {2016},
    Journal = {Journal of Monetary Economics},
    Volume  = {82},
    Pages   = {1--19},
    DOI     = {10.1016/j.jmoneco.2016.06.002}
}

@Techreport{ludvmang:2015,
    Title       = {Uncertainty and Business Cycles: Exogenous Impulse or Endogenous Response?},
    Author      = {Sydney C.~Ludvigson and Sai Ma and Serena Ng},
    Institution = {National Bureau of Economic Research {(NBER)}},
    Type        = {Working Paper},
    Series      = {Working Paper Series},
    Number      = {21803},
    Year        = {2015},
    Month       = {December},
    URL         = {http://www.nber.org/papers/w21803}
}

@Article{romer:1990,
    Author  = {Christina D.~Romer},
    Title   = {The Great Crash and the Onset of the Great Depression},
    Year    = {1990},
    Journal = {The Quarterly Journal of Economics},
    Volume  = {105},
    Number  = {3},
    Pages   = {597--624},
    DOI     = {10.2307/2937892}
}

@Article{bansyaro:2004,
    Author  = {Ravi Bansal and Amir Yaron},
    Title   = {Risks for the Long Run: A Potential Resolution of Asset Pricing Puzzles},
    Year    = {2004},
    Journal = {The Journal of Finance},
    Volume  = {59},
    Number  = {4},
    Pages   = {1481--1509},
    DOI     = {10.1111/j.1540-6261.2004.00670.x}
}

@Article{bernanke:1983,
    Author  = {Ben S.~Bernanke},
    Title   = {Irreversibility, Uncertainty, and Cyclical Investment},
    Year    = {1983},
    Journal = {The Quarterly Journal of Economics},
    Volume  = {98},
    Number  = {1},
    Pages   = {85--106},
    DOI     = {10.2307/1885568}
}
